@ARTICLE{Skumanich1972,
   author = {{Skumanich}, A.},
    title = "{Time Scales for CA II Emission Decay, Rotational Braking, and Lithium Depletion}",
  journal = {\apj},
     year = 1972,
    month = feb,
   volume = 171,
    pages = {565},
      doi = {10.1086/151310},
   adsurl = {http://adsabs.harvard.edu/abs/1972ApJ...171..565S},
  adsnote = {Provided by the SAO/NASA Astrophysics Data System}
}

@ARTICLE{Kraft1967,
   author = {{Kraft}, R.~P.},
    title = "{Studies of Stellar Rotation. V. The Dependence of Rotation on Age among Solar-Type Stars}",
  journal = {\apj},
     year = 1967,
    month = nov,
   volume = 150,
    pages = {551},
      doi = {10.1086/149359},
   adsurl = {http://adsabs.harvard.edu/abs/1967ApJ...150..551K},
  adsnote = {Provided by the SAO/NASA Astrophysics Data System}
}

@ARTICLE{Kawaler1988,
   author = {{Kawaler}, S.~D.},
    title = "{Angular momentum loss in low-mass stars}",
  journal = {\apj},
 keywords = {Angular Momentum, Stellar Mass Ejection, Stellar Models, Stellar Rotation, Stellar Winds, Pre-Main Sequence Stars, Stellar Evolution, Stellar Interiors, Stellar Magnetic Fields},
     year = 1988,
    month = oct,
   volume = 333,
    pages = {236-247},
      doi = {10.1086/166740},
   adsurl = {http://adsabs.harvard.edu/abs/1988ApJ...333..236K},
  adsnote = {Provided by the SAO/NASA Astrophysics Data System}
}

@ARTICLE{Barnes2003,
   author = {{Barnes}, S.~A.},
    title = "{On the Rotational Evolution of Solar- and Late-Type Stars, Its Magnetic Origins, and the Possibility of Stellar Gyrochronology}",
  journal = {\apj},
   eprint = {astro-ph/0303631},
 keywords = {Galaxy: Open Clusters and Associations: General, Stars: Evolution, Stars: Interiors, Stars: Late-Type, Stars: Magnetic Fields, Stars: Rotation},
     year = 2003,
    month = mar,
   volume = 586,
    pages = {464-479},
      doi = {10.1086/367639},
   adsurl = {http://adsabs.harvard.edu/abs/2003ApJ...586..464B},
  adsnote = {Provided by the SAO/NASA Astrophysics Data System}
}

@ARTICLE{Barnes2007,
   author = {{Barnes}, S.~A.},
    title = "{Ages for Illustrative Field Stars Using Gyrochronology: Viability, Limitations, and Errors}",
  journal = {\apj},
archivePrefix = "arXiv",
   eprint = {0704.3068},
 keywords = {Galaxy: Open Clusters and Associations: General, Stars: Activity, Stars: Evolution, Stars: Late-Type, Stars: Magnetic Fields, Stars: Rotation},
     year = 2007,
    month = nov,
   volume = 669,
    pages = {1167-1189},
      doi = {10.1086/519295},
   adsurl = {http://adsabs.harvard.edu/abs/2007ApJ...669.1167B},
  adsnote = {Provided by the SAO/NASA Astrophysics Data System}
}

@ARTICLE{Mamajek2008,
   author = {{Mamajek}, E.~E. and {Hillenbrand}, L.~A.},
    title = "{Improved Age Estimation for Solar-Type Dwarfs Using Activity-Rotation Diagnostics}",
  journal = {\apj},
archivePrefix = "arXiv",
   eprint = {0807.1686},
 keywords = {Stars: Activity, Stars: Chromospheres, Stars: Coronae, Stars: Fundamental Parameters, Stars: Rotation, X-Rays: Stars},
     year = 2008,
    month = nov,
   volume = 687,
    pages = {1264-1293},
      doi = {10.1086/591785},
   adsurl = {http://adsabs.harvard.edu/abs/2008ApJ...687.1264M},
  adsnote = {Provided by the SAO/NASA Astrophysics Data System}
}

@ARTICLE{Barnes2010,
   author = {{Barnes}, S.~A.},
    title = "{A Simple Nonlinear Model for the Rotation of Main-sequence Cool Stars. I. Introduction, Implications for Gyrochronology, and Color-Period Diagrams}",
  journal = {\apj},
 keywords = {convection, methods: analytical, open clusters and associations: general, stars: evolution, stars: late-type, stars: rotation},
     year = 2010,
    month = oct,
   volume = 722,
    pages = {222-234},
      doi = {10.1088/0004-637X/722/1/222},
   adsurl = {http://adsabs.harvard.edu/abs/2010ApJ...722..222B},
  adsnote = {Provided by the SAO/NASA Astrophysics Data System}
}

@ARTICLE{Meibom2011,
   author = {{Meibom}, S. and {Barnes}, S.~A. and {Latham}, D.~W. and {Batalha}, N. and
	{Borucki}, W.~J. and {Koch}, D.~G. and {Basri}, G. and {Walkowicz}, L.~M. and
	{Janes}, K.~A. and {Jenkins}, J. and {Van Cleve}, J. and {Haas}, M.~R. and
	{Bryson}, S.~T. and {Dupree}, A.~K. and {Furesz}, G. and {Szentgyorgyi}, A.~H. and
	{Buchhave}, L.~A. and {Clarke}, B.~D. and {Twicken}, J.~D. and
	{Quintana}, E.~V.},
    title = "{The Kepler Cluster Study: Stellar Rotation in NGC 6811}",
  journal = {\apjl},
archivePrefix = "arXiv",
   eprint = {1104.2912},
 primaryClass = "astro-ph.SR",
 keywords = {open clusters and associations: individual: NGC 6811, stars: activity, stars: late-type, starspots, stars: rotation},
     year = 2011,
    month = may,
   volume = 733,
      eid = {L9},
    pages = {L9},
      doi = {10.1088/2041-8205/733/1/L9},
   adsurl = {http://adsabs.harvard.edu/abs/2011ApJ...733L...9M},
  adsnote = {Provided by the SAO/NASA Astrophysics Data System}
}

@ARTICLE{Epstein2014,
   author = {{Epstein}, C.~R. and {Pinsonneault}, M.~H.},
    title = "{How Good a Clock is Rotation? The Stellar Rotation-Mass-Age Relationship for Old Field Stars}",
  journal = {\apj},
archivePrefix = "arXiv",
   eprint = {1203.1618},
 primaryClass = "astro-ph.SR",
 keywords = {stars: evolution, stars: late-type, stars: rotation},
     year = 2014,
    month = jan,
   volume = 780,
      eid = {159},
    pages = {159},
      doi = {10.1088/0004-637X/780/2/159},
   adsurl = {http://adsabs.harvard.edu/abs/2014ApJ...780..159E},
  adsnote = {Provided by the SAO/NASA Astrophysics Data System}
}

@ARTICLE{Angus2015,
   author = {{Angus}, R. and {Aigrain}, S. and {Foreman-Mackey}, D. and {McQuillan}, A.
	},
    title = "{Calibrating gyrochronology using Kepler asteroseismic targets}",
  journal = {\mnras},
archivePrefix = "arXiv",
   eprint = {1502.06965},
 primaryClass = "astro-ph.EP",
 keywords = {methods: statistical, stars: evolution, stars: fundamental parameters, stars: oscillations, stars: rotation, stars: solar-type},
     year = 2015,
    month = jun,
   volume = 450,
    pages = {1787-1798},
      doi = {10.1093/mnras/stv423},
   adsurl = {http://adsabs.harvard.edu/abs/2015MNRAS.450.1787A},
  adsnote = {Provided by the SAO/NASA Astrophysics Data System}
}

@ARTICLE{Vansaders2016,
   author = {{van Saders}, J.~L. and {Ceillier}, T. and {Metcalfe}, T.~S. and
	{Silva Aguirre}, V. and {Pinsonneault}, M.~H. and {Garc{\'{\i}}a}, R.~A. and
	{Mathur}, S. and {Davies}, G.~R.},
    title = "{Weakened magnetic braking as the origin of anomalously rapid rotation in old field stars}",
  journal = {\nat},
archivePrefix = "arXiv",
   eprint = {1601.02631},
 primaryClass = "astro-ph.SR",
     year = 2016,
    month = jan,
   volume = 529,
    pages = {181-184},
      doi = {10.1038/nature16168},
   adsurl = {http://adsabs.harvard.edu/abs/2016Natur.529..181V},
  adsnote = {Provided by the SAO/NASA Astrophysics Data System}
}

@ARTICLE{Metcalfe2016,
   author = {{Metcalfe}, T.~S. and {Egeland}, R. and {van Saders}, J.},
    title = "{Stellar Evidence That the Solar Dynamo May Be in Transition}",
  journal = {\apjl},
archivePrefix = "arXiv",
   eprint = {1606.01926},
 primaryClass = "astro-ph.SR",
 keywords = {stars: activity, stars: evolution, stars: magnetic field, stars: rotation, stars: solar-type},
     year = 2016,
    month = jul,
   volume = 826,
      eid = {L2},
    pages = {L2},
      doi = {10.3847/2041-8205/826/1/L2},
   adsurl = {http://adsabs.harvard.edu/abs/2016ApJ...826L...2M},
  adsnote = {Provided by the SAO/NASA Astrophysics Data System}
}

@ARTICLE{Kawaler1989,
   author = {{Kawaler}, S.~D.},
    title = "{Rotational dating of middle-aged stars}",
  journal = {\apjl},
 keywords = {Main Sequence Stars, Stellar Evolution, Stellar Models, Stellar Rotation, Angular Momentum, Calibrating, Open Clusters, Stellar Mass, Stellar Winds},
     year = 1989,
    month = aug,
   volume = 343,
    pages = {L65-L68},
      doi = {10.1086/185512},
   adsurl = {http://adsabs.harvard.edu/abs/1989ApJ...343L..65K},
  adsnote = {Provided by the SAO/NASA Astrophysics Data System}
}

@ARTICLE{Matt2012,
   author = {{Matt}, S.~P. and {MacGregor}, K.~B. and {Pinsonneault}, M.~H. and
	{Greene}, T.~P.},
    title = "{Magnetic Braking Formulation for Sun-like Stars: Dependence on Dipole Field Strength and Rotation Rate}",
  journal = {\apjl},
archivePrefix = "arXiv",
   eprint = {1206.2354},
 primaryClass = "astro-ph.SR",
 keywords = {magnetohydrodynamics: MHD, stars: magnetic field, stars: rotation, stars: solar-type, stars: winds, outflows},
     year = 2012,
    month = aug,
   volume = 754,
      eid = {L26},
    pages = {L26},
      doi = {10.1088/2041-8205/754/2/L26},
   adsurl = {http://adsabs.harvard.edu/abs/2012ApJ...754L..26M},
  adsnote = {Provided by the SAO/NASA Astrophysics Data System}
}

@ARTICLE{Ness2016,
   author = {{Ness}, M. and {Hogg}, D.~W. and {Rix}, H.-W. and {Martig}, M. and
	{Pinsonneault}, M.~H. and {Ho}, A.~Y.~Q.},
    title = "{Spectroscopic Determination of Masses (and Implied Ages) for Red Giants}",
  journal = {\apj},
archivePrefix = "arXiv",
   eprint = {1511.08204},
 primaryClass = "astro-ph.SR",
 keywords = {Galaxy: stellar content, methods: data analysis, methods: statistical, stars: evolution, stars: fundamental parameters, techniques: spectroscopic},
     year = 2016,
    month = jun,
   volume = 823,
      eid = {114},
    pages = {114},
      doi = {10.3847/0004-637X/823/2/114},
   adsurl = {http://adsabs.harvard.edu/abs/2016ApJ...823..114N},
  adsnote = {Provided by the SAO/NASA Astrophysics Data System}
}

@ARTICLE{Ness2015,
   author = {{Ness}, M. and {Hogg}, D.~W. and {Rix}, H.-W. and {Ho}, A.~Y.~Q. and
	{Zasowski}, G.},
    title = "{The Cannon: A data-driven approach to Stellar Label Determination}",
  journal = {\apj},
archivePrefix = "arXiv",
   eprint = {1501.07604},
 primaryClass = "astro-ph.SR",
 keywords = {methods: data analysis, methods: statistical, stars: abundances, stars: fundamental parameters, surveys, techniques: spectroscopic},
     year = 2015,
    month = jul,
   volume = 808,
      eid = {16},
    pages = {16},
      doi = {10.1088/0004-637X/808/1/16},
   adsurl = {http://adsabs.harvard.edu/abs/2015ApJ...808...16N},
  adsnote = {Provided by the SAO/NASA Astrophysics Data System}
}

@ARTICLE{Vansaders2013,
   author = {{van Saders}, J.~L. and {Pinsonneault}, M.~H.},
    title = "{Fast Star, Slow Star; Old Star, Young Star: Subgiant Rotation as a Population and Stellar Physics Diagnostic}",
  journal = {\apj},
archivePrefix = "arXiv",
   eprint = {1306.3701},
 primaryClass = "astro-ph.SR",
 keywords = {stars: evolution, stars: fundamental parameters, stars: interiors, stars: rotation},
     year = 2013,
    month = oct,
   volume = 776,
      eid = {67},
    pages = {67},
      doi = {10.1088/0004-637X/776/2/67},
   adsurl = {http://adsabs.harvard.edu/abs/2013ApJ...776...67V},
  adsnote = {Provided by the SAO/NASA Astrophysics Data System}
}
